<collection xmlns="http://www.loc.gov/MARC21/slim">
<record>
  <leader>02175nam a2200445 a 4500</leader>
  <controlfield tag="001">3227076</controlfield>
  <controlfield tag="007">he amb---bbcp</controlfield>
  <controlfield tag="007">he bmb---baap</controlfield>
  <controlfield tag="008">850214s1889    oncac   bb    001 ebeng d</controlfield>
  <datafield tag="020" ind1=" " ind2=" ">
    <subfield code="a">0665288476 (v. 5)</subfield>
  </datafield>
  <datafield tag="035" ind1=" " ind2=" ">
    <subfield code="a">ocm13415256</subfield>
  </datafield>
  <datafield tag="040" ind1=" " ind2=" ">
    <subfield code="a">CaOOCIHM</subfield>
    <subfield code="b">eng</subfield>
    <subfield code="c">CaOOCIHM</subfield>
    <subfield code="d">AEU</subfield>
  </datafield>
  <datafield tag="043" ind1=" " ind2=" ">
    <subfield code="a">e-uk-st</subfield>
  </datafield>
  <datafield tag="082" ind1="0" ind2=" ">
    <subfield code="a">821/.6</subfield>
    <subfield code="2">19</subfield>
  </datafield>
  <datafield tag="090" ind1=" " ind2=" ">
    <subfield code="a">FC 02 0203 no. 28847</subfield>
    <subfield code="b">AEU</subfield>
  </datafield>
  <datafield tag="100" ind1="1" ind2=" ">
    <subfield code="a">Burns, Robert,</subfield>
    <subfield code="d">1759-1796.</subfield>
  </datafield>
  <datafield tag="245" ind1="1" ind2="4">
    <subfield code="a">The works of Robert Burns</subfield>
    <subfield code="h">[microform] :</subfield>
    <subfield code="b">with a series of authentic pictorial illustrations, marginal glossary, numerous notes, and appendixes : also the life of Burns by J.G. Lockhart, and essays on the genius, character, and writings of Burns by Thomas Carlyle and Professor Wilson /</subfield>
    <subfield code="c">edited by Charles Annandale.</subfield>
  </datafield>
  <datafield tag="260" ind1=" " ind2=" ">
    <subfield code="a">Toronto :</subfield>
    <subfield code="b">J.E. Bryant;</subfield>
    <subfield code="a">London :</subfield>
    <subfield code="b">Blackie,</subfield>
    <subfield code="c">1889.</subfield>
  </datafield>
  <datafield tag="300" ind1=" " ind2=" ">
    <subfield code="a">4 microfiches (173 fr.) :</subfield>
    <subfield code="b">ill., ports.</subfield>
  </datafield>
  <datafield tag="490" ind1="1" ind2=" ">
    <subfield code="a">CIHM/ICMH Microfiche series = CIHM/ICMH collection de microfiches ;</subfield>
    <subfield code="v">no. 28847</subfield>
  </datafield>
  <datafield tag="500" ind1=" " ind2=" ">
    <subfield code="a">&quot;Vol. V.&quot;</subfield>
  </datafield>
  <datafield tag="500" ind1=" " ind2=" ">
    <subfield code="a">Part of a CIHM set. For individual microfiches in this set, see CIHM microfiche nos. 28842-28847.</subfield>
  </datafield>
  <datafield tag="500" ind1=" " ind2=" ">
    <subfield code="a">&quot;On the genius, character, and writings of the poet / by Professor Wilson&quot;--p. [9]-115.</subfield>
  </datafield>
  <datafield tag="500" ind1=" " ind2=" ">
    <subfield code="a">&quot;Corrrespondence with George Thomson&quot;--p. 116-178.</subfield>
  </datafield>
  <datafield tag="504" ind1=" " ind2=" ">
    <subfield code="a">Includes bibliographical references.</subfield>
  </datafield>
  <datafield tag="504" ind1=" " ind2=" ">
    <subfield code="a">Includes index.</subfield>
  </datafield>
  <datafield tag="533" ind1=" " ind2=" ">
    <subfield code="a">Filmed from a copy of the original publication held by the Metropolitan Toronto Library, Literature Department.</subfield>
    <subfield code="b">Ottawa :</subfield>
    <subfield code="c">Canadian Institute for Historical Microreproductions,</subfield>
    <subfield code="d">1983.</subfield>
  </datafield>
  <datafield tag="534" ind1=" " ind2=" ">
    <subfield code="e">vii, 290 p. : ill., ports.</subfield>
  </datafield>
  <datafield tag="596" ind1=" " ind2=" ">
    <subfield code="a">43</subfield>
  </datafield>
  <datafield tag="600" ind1="1" ind2="0">
    <subfield code="a">Burns, Robert,</subfield>
    <subfield code="d">1759-1796.</subfield>
  </datafield>
  <datafield tag="600" ind1="1" ind2="6">
    <subfield code="a">Burns, Robert,</subfield>
    <subfield code="d">1759-1796.</subfield>
  </datafield>
  <datafield tag="650" ind1=" " ind2="0">
    <subfield code="a">Poets, Scottish</subfield>
    <subfield code="y">18th century</subfield>
    <subfield code="v">Correspondence.</subfield>
  </datafield>
  <datafield tag="650" ind1=" " ind2="6">
    <subfield code="a">Poètes écossais</subfield>
    <subfield code="y">18e siècle</subfield>
    <subfield code="v">Correspon</subfield>
  </datafield>
<!-- No separator at end of field length=52 -->
  <datafield tag="700" ind1="a" ind2="n">
    <subfield code="e">.</subfield>
  </datafield>
<!-- Separator but not at end of field length=33 -->
  <datafield tag="700" ind1="1" ind2="8">
    <subfield code="1">.</subfield>
  </datafield>
<!-- Separator but not at end of field length=36 -->
  <datafield tag="700" ind1="1" ind2="9">
    <subfield code="5">.</subfield>
  </datafield>
<!-- Separator but not at end of field length=66 -->
  <datafield tag="830" ind1="u" ind2="r">
    <subfield code="s">.</subfield>
  </datafield>
<!-- Separator but not at end of field length=45 -->
  <datafield tag="949" ind1="2" ind2="8">
    <subfield code="4">7</subfield>
  </datafield>
<!-- Separator but not at end of field length=22 -->
  <datafield tag="016" ind1="M" ind2="M">
    <subfield code="R">E</subfield>
  </datafield>
<!-- Separator but not at end of field length=15 -->
  <datafield tag="926" ind1="5" ind2="5">
    <subfield code="9">3</subfield>
  </datafield>
<!-- Separator but not at end of field length=58 -->
</record>
</collection>
